@article{ticknor2013,
    author =       "Ticknor, J.",
    title =        "{A Bayesian regularized artifical neural network for stock market forecasting}",
    journal =      "Expert Systems with Applications",
    volume =       "40",
    number =       "14",
    pages =        "5501-5506",
    year =         "2013",
    url = "http://www.sciencedirect.com.focus.lib.kth.se\\/science/article/pii/S0957417413002509",
    note = {(Accessed on 20/11/2016)}
}


@online{applesiri2016,
author = {Apple},
title = {iOS - Siri},
url = {\url{http://www.apple.com/ios/siri/}},
month = {},
year = {},
note = {(Accessed on 03/11/2016)}
}

@online{sirikit2016,
author = {Apple},
title = {Introduction to SiriKit},
url = {\url{https://developer.apple.com/library/prerelease\\/content/documentation/Intents/Conceptual/SiriIntegrationGuide/index.html}},
month = {},
year = {},
note = {(Accessed on 03/11/2016)}
}


@online{microsoftcortana2016,
author = {Microsoft},
title = {Cortana - Meet your personal assistant - Microsoft - USA},
url = {\url{https://www.microsoft.com/en-us/mobile/experiences/cortana/}},
month = {},
year = {},
note = {(Accessed on 03/11/2016)}
}


@online{cortanactions2016,
author = {Microsoft},
title = {Cortana Actions},
url = {\url{https://msdn.microsoft.com\\/en-us/cortana/action#typeofaction}},
month = {},
year = {},
note = {(Accessed on 06/11/2016)}
}


@online{arstechnica2014, title={How Microsoft’s Cortana will take digital personal assistants to the next level}, url={http://arstechnica.com/information-technology/2014/04/how-microsofts-\\cortana-will-take-digital-personal-assistants-to-the-next-level/}, journal={Ars Technica}, author={Gallagher, Sean}, year={2014}, month={May}, note = {(Accessed on 06/11/2016)}} 




@article{olatunji2011,
    author =       "Olatunji, S. and Al-Ahmadi, M. and Elshafei, M. and Fallatah, Y.",
    title =        "{Saudi Arabia Stock Prices Forecasting Using Artifical Neural Networks}",
    journal =      "International Conference on Future Computer Sciences and Application",
    pages =        "123-126",
    year =         "2011",
    url = "http://ieeexplore.ieee.org.focus.lib.kth.se/\\stamp/stamp.jsp?tp=&arnumber=6041425",
    note = {, (Accessed on 20/11/2016)}
}

@article{das2013,
    author =       "Das, D. and Shorif Uddin, M.",
    title =        "{Data mining and Neural network Techniques in Stock Market Prediction: A Methodological Review}",
    journal =      "International Journal of Artificial Intelligence \& Applications",
    volume =       "4",
    number =        "9",
    pages =        "117-127",
    year =         "2011",
    url = "http://www.airccse.org/journal/ijaia/papers/4113ijaia09.pdf",
    note = {(Accessed on 20/11/2016)}
}

@online{openai2016,
author = {OpenAI},
title = {Blog},
url = {\url{https://openai.com/blog/}},
month = {},
year = {},
note = {(Accessed on 09/11/2016)}
}


@misc{bostrom2014superintelligence,
  title={Superintelligence: Paths, dangers, strategies},
  author={Bostrom, Nick},
  year={2014},
  publisher={OUP Oxford}
}

@online{googlenow2016,
author = {},
title = {Google Search},
url = {\url{https://www.google.com/search/about/learn-more}},
month = {11},
year = {2016},
note = {(Accessed on 03/11/2016)}
}

@online{imore2016,
author = {},
title = {Siri — Everything you need to know! | iMore},
url = {\url{http://www.imore.com/siri}},
month = {},
year = {},
note = {(Accessed on 03/11/2016)}
}

@online{apple2016,
author = {},
title = {WWDC 2015 - Videos - Apple Developer},
url = {\url{https://developer.apple.com/videos/wwdc2015/}},
month = {},
year = {},
note = {(Accessed on 03/11/2016)}
}

@misc{mesos2016,
author = {},
title = {Apache Mesos},
url = {\url{http://mesos.apache.org/}},
month = {},
year = {},
note = {(Accessed on 04/11/2016)}
}

@misc{meso2015,
author = {},
title = {Apple details how it rebuilt Siri on Mesos - Mesosphere},
url = {\url{https://mesosphere.com/blog/2015/04/23/\\apple-details-j-a-r-v-i-s-the-mesos-framework-that-runs-siri/}},
month = {},
year = {},
note = {(Accessed on 04/11/2016)}
}


@book{russel2009,
    author    = "Russel, S. and Norvig, P.",
    title     = "Artificial Intelligence: A Modern Approach",
    year      = "2009",
    publisher = "Prentice Hall",
    ISBN    = 0136042597,
    edition = 3
}

@article{doan2014,
  author    = {Doan, S. and
               Mike Conway and
               Tu Minh Phuong and
               Lucila Ohno{-}Machado},
  title     = {Natural Language Processing in Biomedicine: {A} Unified System Architecture
               Overview},
  journal   = {CoRR},
  volume    = {abs/1401.0569},
  year      = {2014},
  url       = {http://arxiv.org/abs/1401.0569},
  timestamp = {Sun, 02 Feb 2014 18:37:28 +0100},
  biburl    = {http://dblp.uni-trier.de/rec/bib/journals/corr/DoanCPO14},
  bibsource = {dblp computer science bibliography, http://dblp.org},
  note = {(Accessed on 20/11/2016)}
}


@article{wiebe2005,
    author    = "Wiebe, J. and Wilson, T. and Cardie, C.",
    title     = "Annotating Expressions of Opinions and Emotions in
Language",
    year      = "2005",
    publisher = "Kluwer Academic Publishers",
    url = "http://people.cs.pitt.edu/~wiebe/pubs/papers/lre05.pdf",
    note = {, (Accessed on 06/11/2016)}
}

@InProceedings{pak2010,
  author = "Pak, A. and Paroubek, P.",
  title = "Twitter as a Corpus for Sentiment Analysis and Opinion Mining",
  booktitle = "Proceedings of the Seventh International Conference on Language Resources and Evaluation (LREC'10)",
  year = "2010",
  url = "http://www.lrec-conf.org/proceedings/lrec2010/summaries/385.html",
  note = { (Accessed on 20/11/2016)}
 }
 

@book{hand2001,
    title    = "Principles of Data Mining",
    author     = "Hand, D. and Manilla, H. and Smyth, P.",
    year      = "2001",
    publisher = "The MIT Press",
    ISBN    = 9780262082907
}

 
@article{mashable2010,
    author =       "Ogneva, M.",
    title =        "{How Companies Can Use Sentiment Analysis to Improve Their Business}",
    year =         "2010",
    url = "http://mashable.com/2010/04/19/sentiment-analysis/",
    note = {, (Accessed on 20/11/2016)}
}


@online{google2015,
  author = "Google",
  title = "Natural Language Processing",
  url = "http://research.google.com/pubs\\/NaturalLanguageProcessing.html",
  note = { (Accessed on 20/11/2016)}
}